@article{aguilar_etal_2005,
	author = {Aguilar, Fernando and Agüera, Francisco and M.A., Aguilar and Carvajal, Fabio},
	year = {2005},
	month = {07},
	pages = {805-816},
	title = {Effects of Terrain Morphology, Sampling Density, and Interpolation Methods on Grid DEM Accuracy},
	volume = {71},
	journal = {Photogrammetric Engineering and Remote Sensing},
	doi = {10.14358/PERS.71.7.805}
}

@article{aguilar_etal_2010,
	author = {Aguilar, Fernando and Mills, Jon and Delgado, Jorge and M.A., Aguilar and Negreiros, J.G. and Pérez, Jose},
	year = {2010},
	month = {01},
	pages = {103-110},
	title = {Modelling vertical error in LiDAR-derived digital elevation models},
	volume = {65},
	journal = {ISPRS Journal of Photogrammetry and Remote Sensing},
	doi = {10.1016/j.isprsjprs.2009.09.003}
}

@article{bater_coops_2009,
	author = {Bater, Christopher and Coops, Nicholas},
	year = {2009},
	month = {02},
	pages = {289-300},
	title = {Evaluating error associated with LiDAR derived DEM interpolation},
	volume = {35},
	journal = {Computers & Geosciences},
	doi = {10.1016/j.cageo.2008.09.001}
}

@article{boyko_funkhauser_2011,
	author = {Boyko, Aleksey and Funkhouser, Thomas},
	year = {2011},
	month = {12},
	pages = {},
	title = {Extracting roads from dense point clouds in large scale urban environment},
	volume = {66},
	journal = {Isprs Journal of Photogrammetry and Remote Sensing - ISPRS J PHOTOGRAMM},
	doi = {10.1016/j.isprsjprs.2011.09.009}
}

@article{cai_rasdorf_2008,
	author = {Cai, Hubo and Rasdorf, William},
	year = {2008},
	month = {04},
	pages = {157-173},
	title = {Modeling Road Centerlines and Predicting Lengths in 3-D Using LIDAR Point Cloud and Planimetric Road Centerline Data},
	volume = {23},
	journal = {Comp.-Aided Civil and Infrastruct. Engineering},
	doi = {10.1111/j.1467-8667.2008.00518.x}
}

@inproceedings{caltagirone_etal_2017,
	author = {Caltagirone, Luca and Scheidegger, Samuel and Svensson, Lennart and Wahde, Mattias},
	year = {2017},
	month = {06},
	pages = {1019-1024},
	title = {Fast LIDAR-based road detection using fully convolutional neural networks},
	doi = {10.1109/IVS.2017.7995848}
}

@article{chow_hodgson_2009,
	author = {Chow, Edwin and Hodgson, Michael},
	year = {2009},
	month = {10},
	pages = {1277-1295},
	title = {Effects of Lidar Post-Spacing and DEM Resolution to Mean Slope Estimation},
	volume = {23},
	journal = {International Journal of Geographical Information Science},
	doi = {10.1080/13658810802344127}
}

@article{clode_etal_2004,
	author = {Clode, Simon and Kootsookos, Peter and Rottensteiner, Franz},
	year = {2004},
	month = {01},
	pages = {},
	title = {The Automatic Extraction of Roads from LIDAR data},
	volume = {35},
	journal = {International Archives of Photogrammetry, Remote Sensing and Spatial Information Sciences}
}

@article{clode_etal_2007,
	author = {Clode, Simon and Rottensteiner, Franz and Kootsookos, Peter and Zelniker, Emanuel},
	year = {2007},
	month = {05},
	pages = {517-535},
	title = {Detection and Vectorization of Roads from Lidar Data},
	volume = {73},
	journal = {Photogrammetric Engineering and Remote Sensing},
	doi = {10.14358/PERS.73.5.517}
}

@article{gopfert_etal_2011,
	author = {Göpfert, Jens and Rottensteiner, Franz and Heipke, Christian},
	year = {2011},
	month = {11},
	pages = {858-871},
	title = {Using snakes for the registration of topographic road database objects to ALS features},
	volume = {66},
	journal = {Isprs Journal of Photogrammetry and Remote Sensing - ISPRS J PHOTOGRAMM},
	doi = {10.1016/j.isprsjprs.2011.08.008}
}

@article{gross_thoennessen_2006,
	author = {Gross, H. and Thoennessen, U.},
	year = {2006},
	month = {01},
	pages = {},
	title = {Extraction of lines from laser point clouds},
	volume = {36},
	journal = {Fraunhofer FOM}
}

@article{guo_etal_2010,
	author = {Guo, Qinghua and Li, Wenkai and Yu, Hong and Alvarez, Otto},
	year = {2010},
	month = {06},
	pages = {},
	title = {Effects of Topographic Variability and Lidar Sampling Density on Several DEM Interpolation Methods},
	volume = {76},
	journal = {Photogrammetric Engineering and Remote Sensing},
	doi = {10.14358/PERS.76.6.701}
}

@article{hatger_brenner_2003,
	author = {Hatger, C. and Brenner, C.},
	year = {2003},
	month = {01},
	pages = {225-230},
	title = {Extraction of road geometry parameters from laser scanning and existing databases},
	volume = {34},
	journal = {International Archives of Photogrammetry, Remote Sensing and Spatial Information Sciences}
}

@article{hodgson_breshanan_2004,
	author = {Hodgson, Michael and Bresnahan, Patrick},
	year = {2004},
	month = {03},
	pages = {331-339},
	title = {Accuracy of Airborne LIDAR-Derived Elevation: Empirical Assessment and Error Budget},
	volume = {70},
	journal = {Photogrammetric Engineering & Remote Sensing},
	doi = {10.14358/PERS.70.3.331}
}

@article{hodgson_etal_2004,
	author = {Hodgson, Michael and Li, Xingong and Cheng, Yang},
	year = {2004},
	month = {12},
	pages = {1399-1404},
	title = {A Parameterization Model for Transportation Feature Extraction},
	volume = {70},
	journal = {Photogrammetric Engineering & Remote Sensing},
	doi = {10.14358/PERS.70.12.1399}
}

@phdthesis{hu_2003,
	author = {Hu, Yong},
	year = {2003},
	month = {10},
	pages = {},
	title = {Automated extraction of digital terrain models, roads and buildings using airborne lidar data},
	isbn = {9780494381311}
}

@inproceedings{hu_etal_2004,
	author = {Hu, Xiangyun and Tao, Chao and Hu, Yong},
	year = {2004},
	month = {07},
	pages = {},
	title = {Automatic road extraction from dense urban area by integrated processing of high resolution imagery and LIDAR data},
	volume = {35},
	journal = {International Archives of Photogrammetry, Remote Sensing and Spatial Information Sciences}
}

@article{kraus_etal_2006,
	author = {Kraus, Karl and Karel, Wilfried and Briese, Christian and Mandlburger, Gottfried},
	year = {2006},
	month = {12},
	pages = {342 - 354},
	title = {Local Accuracy Measures for Digital Terrain Models},
	volume = {21},
	journal = {The Photogrammetric Record},
	doi = {10.1111/j.1477-9730.2006.00400.x}
}

@article{lin_etal_2015,
	author = {Lin, Yangbin and Wang, Cheng and Cheng, Jun and Chen, Bili and Jia, Fukai and Chen, Zhonggui and Li, Jonathan},
	year = {2015},
	month = {04},
	pages = {},
	title = {Line segment extraction for large scale unorganized point clouds},
	volume = {102},
	journal = {ISPRS Journal of Photogrammetry and Remote Sensing},
	doi = {10.1016/j.isprsjprs.2014.12.027}
}

@article{oudeElberink_vosselman_2006,
	author = {Oude Elberink, Sander and Vosselman, George},
	year = {2006},
	month = {01},
	pages = {},
	title = {Adding the third dimension to a topographic database using Airborne Laser Scanner data},
	volume = {36},
	journal = {International Archives of Photogrammetry, Remote Sensing and Spatial Information Sciences}
}

@article{oudeElberink_vosselman_2009,
	author = {Oude Elberink, Sander and Vosselman, George},
	year = {2009},
	month = {03},
	pages = {23-36},
	title = {3D information extraction from laser point clouds covering complex road junctions},
	volume = {24},
	journal = {Photogrammetric Record - PHOTOGRAMM REC},
	doi = {10.1111/j.1477-9730.2008.00516.x}
}

@article{oudeElberink_vosselman_2012,
	author = {Oude Elberink, Sander and Vosselman, George},
	year = {2012},
	month = {05},
	pages = {},
	title = {Quality analysis of 3D road reconstruction},
	volume = {36},
	journal = {International Archives of Photogrammetry, Remote Sensing and Spatial Information Sciences}
}

@article{oudeElberink_2010,
	author = {Oude Elberink, Sander},
	year = {2010},
	month = {01},
	pages = {},
	title = {Acquisition of 3D topography: automated 3D road and building reconstruction using airborne laser scanner data and topographic maps},
	journal = {Chemical Engineering Science - CHEM ENG SCI}
}

@article{peng_shih_2006,
	author = {Peng, Miao-Hsiang and Shih, Peter Tian-Yuan},
	year = {2006},
	month = {08},
	pages = {933-947},
	title = {Error Assessment in Two Lidar-derived TIN Datasets},
	volume = {72},
	journal = {Photogrammetric Engineering & Remote Sensing},
	doi = {10.14358/PERS.72.8.933}
}

@article{raber_etal_2007,
	author = {Raber, George and Jensen, John and Hodgson, Michael and Tullis, Jason and Davis, Bruce and Berglund, Judith},
	year = {2007},
	month = {07},
	pages = {793-804},
	title = {Impact of Lidar Nominal Post-spacing on DEM Accuracy and Flood Zone Delineation},
	volume = {73},
	journal = {Photogrammetric Engineering & Remote Sensing},
	doi = {10.14358/PERS.73.7.793}
}

@article{shi_etal_2005,
	author = {Shi, W. and Li, Q. and Zhu, C.},
	year = {2005},
	month = {07},
	pages = {3069-3084},
	title = {Estimating the propagation error of DEM from higher order interpolation algorithms},
	volume = {26},
	journal = {International Journal of Remote Sensing},
	doi = {10.1080/01431160500057905}
}

@article{smith_etal_2005,
	author = {Smith, S. and Holland, David and Longley, PA},
	year = {2005},
	month = {03},
	pages = {200 - 224},
	title = {Quantifying Interpolation Errors in Urban Airborne Laser Scanning Models},
	volume = {37},
	journal = {Geographical Analysis},
	doi = {10.1111/j.1538-4632.2005.00636.x}
}

@article{stoker_etal_2008,
	author = {Stoker, Jason and Harding, David and Parrish, Jay},
	year = {2008},
	month = {09},
	pages = {1066-1068},
	title = {The need for a national LIDAR data set},
	volume = {74},
	journal = {Photogrammetric Engineering and Remote Sensing}
}

@article{su_bork_2006,
	author = {Su, Jason and Bork, Edward},
	year = {2006},
	month = {11},
	pages = {1265-1274},
	title = {Influence of Vegetation, Slope, and Lidar Sampling Angle on DEM Accuracy},
	volume = {72},
	journal = {Photogrammetric Engineering & Remote Sensing},
	doi = {10.14358/PERS.72.11.1265}
}

@article{vosselman_zhou_2009,
	author = {Vosselman, George and Liang, Zhou},
	year = {2009},
	month = {01},
	pages = {},
	title = {Detection of curbstones in airborne laser scanning data},
	volume = {38},
	journal = {Remote Sensing and Spatial Information Sciences}
}

@article{yang_etal_2013,
	author = {Yang, Bisheng and Fang, Lina and Li, Jonathan},
	year = {2013},
	month = {05},
	pages = {80–93},
	title = {Semi-automated extraction and delineation of 3D roads of street scene from mobile laser scanning point clouds},
	volume = {79},
	journal = {ISPRS Journal of Photogrammetry and Remote Sensing},
	doi = {10.1016/j.isprsjprs.2013.01.016}
}

@inproceedings{zhang_2010,
	author = {Zhang, Wende},
	year = {2010},
	month = {07},
	pages = {845 - 848},
	title = {LIDAR-based road and road-edge detection},
	doi = {10.1109/IVS.2010.5548134}
}

@article{zhu_hyppa_2014,
	author = {Zhu, Lingli and Hyyppä, Juha},
	year = {2014},
	month = {11},
	pages = {11267-11282},
	title = {Fully-Automated Power Line Extraction from Airborne Laser Scanning Point Clouds in Forest Areas},
	volume = {6(11)},
	journal = {Remote Sensing},
	doi = {10.3390/rs61111267}
}

@article{zhu_mordohai_2009,
	author = {Zhu, Qihui and Mordohai, Philippos},
	year = {2009},
	month = {09},
	pages = {},
	title = {A minimum cover approach for extracting the road network from airborne LIDAR data},
	journal = {2009 IEEE 12th International Conference on Computer Vision Workshops, ICCV Workshops 2009},
	doi = {10.1109/ICCVW.2009.5457423}
}