@book{Example_Reference,
  Address = {Address},
  Author = {Author},
  Publisher = {Publisher},
  Title = {Title},
  Year = {Year}}